<record><leader>00000cas a2200000 a 4500</leader><controlfield tag="001">213355894</controlfield><controlfield tag="007">hd ||||||||||</controlfield><controlfield tag="008">080312d19621997akuer nea     |    0eng c</controlfield><datafield ind1=" " ind2=" " tag="010"><subfield code="a">  2008233400</subfield></datafield><datafield ind1=" " ind2=" " tag="040"><subfield code="a">GUA</subfield><subfield code="b">eng</subfield><subfield code="c">GUA</subfield><subfield code="d">GUA</subfield><subfield code="d">DLC</subfield><subfield code="d">OCLCQ</subfield><subfield code="d">OCLCF</subfield><subfield code="d">OCLCQ</subfield></datafield><datafield ind1=" " ind2=" " tag="042"><subfield code="a">pcc</subfield></datafield><datafield ind1=" " ind2=" " tag="043"><subfield code="a">n-us-ak</subfield></datafield><datafield ind1=" " ind2="4" tag="050"><subfield code="a">AN58</subfield><subfield code="b">.C655</subfield></datafield><datafield ind1="0" ind2=" " tag="130"><subfield code="a">Tundra times (Fairbanks, Alaska)</subfield></datafield><datafield ind1="1" ind2="0" tag="245"><subfield code="a">Tundra times.</subfield></datafield><datafield ind1=" " ind2=" " tag="260"><subfield code="a">Fairbanks, Alaska :</subfield><subfield code="b">Tundra Times Inc.,</subfield><subfield code="c">1962-1997.</subfield></datafield><datafield ind1=" " ind2=" " tag="300"><subfield code="a">volumes :</subfield><subfield code="b">illustrations</subfield></datafield><datafield ind1=" " ind2=" " tag="310"><subfield code="a">Biweekly,</subfield><subfield code="b">May 5, 1993-May 14, 1997</subfield></datafield><datafield ind1=" " ind2=" " tag="321"><subfield code="a">Weekly,</subfield><subfield code="b">Feb. 25, 1966-Apr. 21, 1993</subfield></datafield><datafield ind1=" " ind2=" " tag="321"><subfield code="a">Semimonthly,</subfield><subfield code="b">1962-Feb. 11, 1966</subfield></datafield><datafield ind1=" " ind2=" " tag="336"><subfield code="a">text</subfield><subfield code="b">txt</subfield><subfield code="2">rdacontent</subfield></datafield><datafield ind1=" " ind2=" " tag="337"><subfield code="a">microform</subfield><subfield code="b">h</subfield><subfield code="2">rdamedia</subfield></datafield><datafield ind1=" " ind2=" " tag="338"><subfield code="a">microfilm reel</subfield><subfield code="b">hd</subfield><subfield code="2">rdacarrier</subfield></datafield><datafield ind1="0" ind2=" " tag="362"><subfield code="a">Vol. 1, no. 1 (Oct. 1, 1962)-v. 36, no. 15 (May 14, 1997).</subfield></datafield><datafield ind1=" " ind2=" " tag="500"><subfield code="a">Published in Anchorage, Alaska, Sept. 6, 1978-May 14, 1997.</subfield></datafield><datafield ind1=" " ind2=" " tag="500"><subfield code="a">"Will strive to keep informed on matters of interest all natives of Alaska, whether they be Eskimos of the Arctic, the Athabascans of the interior, and [sic] other Indians and Aleuts of the Aleutian Islands."</subfield></datafield><datafield ind1=" " ind2=" " tag="500"><subfield code="a">"Alaska's Oldest State-Wide Newspaper."</subfield></datafield><datafield ind1=" " ind2=" " tag="500"><subfield code="a">Masthead ill.: Reindeer and people on dogsleds in wilderness.</subfield></datafield><datafield ind1=" " ind2=" " tag="500"><subfield code="a">"Founded in 1962 by Howard Rock."</subfield></datafield><datafield ind1="4" ind2=" " tag="510"><subfield code="a">Danky, J.P. Native American periodicals and newspapers 1828-1982</subfield><subfield code="c">426-427</subfield></datafield><datafield ind1=" " ind2=" " tag="515"><subfield code="a">Issue numbering irregular.</subfield></datafield><datafield ind1=" " ind2=" " tag="515"><subfield code="a">Suspended with Dec. 23, 1991 issue; resumed with Oct. 15, 1992 issue.</subfield></datafield><datafield ind1="8" ind2=" " tag="521"><subfield code="a">"The Eskimo-Indian All-Alaska Newspaper."</subfield></datafield><datafield ind1=" " ind2=" " tag="533"><subfield code="a">Microfilm.</subfield><subfield code="b">Wooster, Ohio :</subfield><subfield code="c">Micro Photo Division.</subfield><subfield code="e">2 microfilm reels ; 35 mm.</subfield><subfield code="m">1970-1973.</subfield><subfield code="f">(Contemporary newspapers of the North American Indian ; reel 17-18).</subfield></datafield><datafield ind1=" " ind2=" " tag="539"><subfield code="a">d</subfield><subfield code="b">1970</subfield><subfield code="c">1973</subfield><subfield code="d">ohu</subfield><subfield code="e">e</subfield><subfield code="f">r</subfield><subfield code="g">a</subfield></datafield><datafield ind1=" " ind2="0" tag="650"><subfield code="a">Indians of North America</subfield><subfield code="z">Alaska</subfield><subfield code="v">Newspapers.</subfield></datafield><datafield ind1=" " ind2="0" tag="650"><subfield code="a">Athapascan Indians</subfield><subfield code="v">Newspapers.</subfield></datafield><datafield ind1=" " ind2="0" tag="650"><subfield code="a">Aleuts</subfield><subfield code="v">Newspapers.</subfield></datafield><datafield ind1=" " ind2="0" tag="650"><subfield code="a">Eskimos</subfield><subfield code="v">Newspapers.</subfield></datafield><datafield ind1=" " ind2="0" tag="651"><subfield code="a">Anchorage (Alaska)</subfield><subfield code="v">Newspapers.</subfield></datafield><datafield ind1=" " ind2="0" tag="651"><subfield code="a">Fairbanks (Alaska)</subfield><subfield code="v">Newspapers.</subfield></datafield><datafield ind1=" " ind2="7" tag="650"><subfield code="a">Aleuts.</subfield><subfield code="2">fast</subfield><subfield code="0">(OCoLC)fst00804726</subfield></datafield><datafield ind1=" " ind2="7" tag="650"><subfield code="a">Athapascan Indians.</subfield><subfield code="2">fast</subfield><subfield code="0">(OCoLC)fst00819946</subfield></datafield><datafield ind1=" " ind2="7" tag="650"><subfield code="a">Eskimos.</subfield><subfield code="2">fast</subfield><subfield code="0">(OCoLC)fst00915242</subfield></datafield><datafield ind1=" " ind2="7" tag="650"><subfield code="a">Indians of North America.</subfield><subfield code="2">fast</subfield><subfield code="0">(OCoLC)fst00969633</subfield></datafield><datafield ind1=" " ind2="7" tag="651"><subfield code="a">Alaska.</subfield><subfield code="2">fast</subfield><subfield code="0">(OCoLC)fst01204480</subfield></datafield><datafield ind1=" " ind2="7" tag="651"><subfield code="a">Alaska</subfield><subfield code="z">Anchorage.</subfield><subfield code="2">fast</subfield><subfield code="0">(OCoLC)fst01212412</subfield></datafield><datafield ind1=" " ind2="7" tag="651"><subfield code="a">Alaska</subfield><subfield code="z">Fairbanks.</subfield><subfield code="2">fast</subfield><subfield code="0">(OCoLC)fst01207610</subfield></datafield><datafield ind1=" " ind2="7" tag="655"><subfield code="a">Newspapers.</subfield><subfield code="2">fast</subfield><subfield code="0">(OCoLC)fst01423814</subfield></datafield><datafield ind1=" " ind2=" " tag="752"><subfield code="a">United States</subfield><subfield code="b">Alaska</subfield><subfield code="c">Anchorage</subfield><subfield code="d">Anchorage.</subfield></datafield><datafield ind1=" " ind2=" " tag="752"><subfield code="a">United States</subfield><subfield code="b">Alaska</subfield><subfield code="d">Fairbanks.</subfield></datafield><datafield ind1="1" ind2=" " tag="776"><subfield code="t">Tundra times (Fairbanks, Alaska)</subfield><subfield code="w">(DLC)sn 84020664</subfield><subfield code="w">(OCoLC)2712152</subfield></datafield><datafield ind1=" " ind2="0" tag="830"><subfield code="a">Contemporary newspapers of the North American Indian ;</subfield><subfield code="v">reel 17-18.</subfield></datafield></record>